@InProceedings{18-bettiche-al,
	author="Bettiche, Mehdi
	and Mouffok, Moncef Zakaria
	and Zakaria, Chahnez",
	editor="Medina, Jes{\'u}s
	and Ojeda-Aciego, Manuel
	and Verdegay, Jos{\'e} Luis
	and Perfilieva, Irina
	and Bouchon-Meunier, Bernadette
	and Yager, Ronald R.",
	title="Opinion Mining in Social Networks for Algerian Dialect",
	booktitle="Information Processing and Management of Uncertainty in Knowledge-Based Systems. Applications",
	year="2018",
	publisher="Springer International Publishing",
	address="Cham",
	pages="629--641",
	abstract="There has been a significant increase in the volume of Arabic dialect messages on social networks, providing a rich source for opinion mining research. Most research works done on Arabic dialect focus on messages written in Arabic script, with very limited scope on Latin script. In this paper, we are interested in the classification of social networks messages retrieved from Twitter, Facebook and YouTube written in Algerian dialect in Latin script into positive or negative classes using existing opinion mining approaches (lexical-based, machine learning, and hybrid). Also, we apply a regrouping process in the preprocessing step to overcome the issues related to the Algerian dialect such as the orthographic varieties to express the same word. Furthermore, we focus on the hybrid approach which consists in automatically annotating the training corpus with the lexical-based approach and then use the machine learning approach on this corpus for creating the classification model. This approach allows classifying the messages into positive or negative classes, without having to annotate manually a training corpus.",
	isbn="978-3-319-91479-4"
}

@inproceedings{18-guellil-al,
	title = "{A}rabizi sentiment analysis based on transliteration and automatic corpus annotation",
	author = "Guellil, Imane  and
	Adeel, Ahsan  and
	Azouaou, Faical  and
	Benali, Fodil  and
	Hachani, Ala-eddine  and
	Hussain, Amir",
	booktitle = "Proceedings of the 9th Workshop on Computational Approaches to Subjectivity, Sentiment and Social Media Analysis",
	month = oct,
	year = "2018",
	address = "Brussels, Belgium",
	publisher = "Association for Computational Linguistics",
	url = "https://www.aclweb.org/anthology/W18-6249",
	doi = "10.18653/v1/W18-6249",
	pages = "335--341",
	abstract = "Arabizi is a form of writing Arabic text which relies on Latin letters, numerals and punctuation rather than Arabic letters. In the literature, the difficulties associated with Arabizi sentiment analysis have been underestimated, principally due to the complexity of Arabizi. In this paper, we present an approach to automatically classify sentiments of Arabizi messages into positives or negatives. In the proposed approach, Arabizi messages are first transliterated into Arabic. Afterwards, we automatically classify the sentiment of the transliterated corpus using an automatically annotated corpus. For corpus validation, shallow machine learning algorithms such as Support Vectors Machine (SVM) and Naive Bays (NB) are used. Simulations results demonstrate the outperformance of NB algorithm over all others. The highest achieved F1-score is up to 78{\%} and 76{\%} for manually and automatically transliterated dataset respectively. Ongoing work is aimed at improving the transliterator module and annotated sentiment dataset.",
}
