@inproceedings{2017-vaswani-al,
title	= {Attention is All You Need},
author	= {Ashish Vaswani and Noam Shazeer and Niki Parmar and Jakob Uszkoreit and Llion Jones and Aidan N. Gomez and Lukasz Kaiser and Illia Polosukhin},
year	= {2017},
URL	= {https://arxiv.org/pdf/1706.03762.pdf}
}


